@book{paulson,
	author    = "L.C. Paulson",
	title     = "Logic and computation: interactive proof with Cambridge LCF",
	year      = "1990",
	publisher = "Cambridge University Press",
}

@article{mainarticle,
	author    = "Robin Milner",
	title     = "The use of machines to assist in rigorous proof [and discussion].",
	journal   = "Philosophical Transactions of the Royal Society of London A: Mathematical, Physical and Engineering Sciences",
	year      = "1984",
	vol       = "312(1522)",
	pages     = "411--422"
}

@article{commentary,
	author    = "M.J.C. Gordon",
	title     = "Tactics for mechanized reasoning: a commentary on Milner (1984)‘The use of machines to assist in rigorous proof’.",
	journal   = "Philosophical Transactions of the Royal Society of London A: Mathematical, Physical and Engineering Sciences",
	year      = "2015",
	vol       = "373(2039)",
	pages     = "20140234"
}


